@Article{Wei_2020,
  author    = {Shengyun Wei and Shun Zou and Feifan Liao and weimin lang},
  journal   = {Journal of Physics: Conference Series},
  title     = {A Comparison on Data Augmentation Methods Based on Deep Learning for Audio Classification},
  year      = {2020},
  month     = {jan},
  number    = {1},
  pages     = {012085},
  volume    = {1453},
  doi       = {10.1088/1742-6596/1453/1/012085},
  publisher = {{IOP} Publishing},
}

@InProceedings{Park_2019,
  author    = {Daniel S. Park and William Chan and Yu Zhang and Chung-Cheng Chiu and Barret Zoph and Ekin D. Cubuk and Quoc V. Le},
  booktitle = {Interspeech 2019},
  title     = {{SpecAugment}: A Simple Data Augmentation Method for Automatic Speech Recognition},
  year      = {2019},
  month     = {sep},
  publisher = {{ISCA}},
  doi       = {10.48550/arXiv.2102.07820},
}

@Misc{https://doi.org/10.48550/arxiv.2102.07820,
  author    = {Nunes, Eduardo C.},
  title     = {Anomalous Sound Detection with Machine Learning: A Systematic Review},
  year      = {2021},
  copyright = {Creative Commons Attribution 4.0 International},
  doi       = {10.48550/ARXIV.2102.07820},
  keywords  = {Sound (cs.SD), Artificial Intelligence (cs.AI), Machine Learning (cs.LG), Signal Processing (eess.SP), FOS: Computer and information sciences, FOS: Computer and information sciences, FOS: Electrical engineering, electronic engineering, information engineering, FOS: Electrical engineering, electronic engineering, information engineering},
  publisher = {arXiv},
}

@Article{Kvapilova_2019,
  author    = {Lucia Kvapilova and Vladimir Boza and Peter Dubec and Martin Majernik and Jan Bogar and Jamileh Jamison and Jennifer~C. Goldsack and Duncan~J. Kimmel and Daniel~R. Karlin},
  journal   = {Digital Biomarkers},
  title     = {Continuous Sound Collection Using Smartphones and Machine Learning to Measure Cough},
  year      = {2019},
  month     = {dec},
  number    = {3},
  pages     = {166--175},
  volume    = {3},
  doi       = {10.1159/000504666},
  publisher = {S. Karger {AG}},
}

@Article{Saucedo_Espinosa_2014,
  author    = {Mario A. Saucedo-Espinosa and Hugo Jair Escalante and Arturo Berrones},
  journal   = {Journal of Intelligent Manufacturing},
  title     = {Detection of defective embedded bearings by sound analysis: a machine learning approach},
  year      = {2014},
  month     = {nov},
  number    = {2},
  pages     = {489--500},
  volume    = {28},
  doi       = {10.1007/s10845-014-1000-x},
  publisher = {Springer Science and Business Media {LLC}},
}

@Article{Shochat_2007,
  author    = {Tamar Shochat and Anat Gavish and Elena Arons and Noam Hadas and Alex Molotsky and Peretz Lavie and Arie Oksenberg},
  journal   = {Oral Surgery, Oral Medicine, Oral Pathology, Oral Radiology, and Endodontology},
  title     = {Validation of the {BiteStrip} screener for sleep bruxism},
  year      = {2007},
  month     = {sep},
  number    = {3},
  pages     = {e32--e39},
  volume    = {104},
  doi       = {10.1016/j.tripleo.2007.03.009},
  publisher = {Elsevier {BV}},
}

@Article{Deregibus_2013,
  author    = {Andrea Deregibus and Tommaso Castroflorio and Andrea Bargellini and Cesare Debernardi},
  journal   = {Clinical Oral Investigations},
  title     = {Reliability of a portable device for the detection of sleep bruxism},
  year      = {2013},
  month     = {dec},
  number    = {8},
  pages     = {2037--2043},
  volume    = {18},
  doi       = {10.1007/s00784-013-1168-z},
  publisher = {Springer Science and Business Media {LLC}},
}

@Comment{jabref-meta: databaseType:bibtex;}
